%% Created using Papers on Fri, 27 Apr 2018.
%% http://papersapp.com/papers/

@book{Menke:1984vh,
author = {Menke, William},
title = {{Geophysical Data Analysis: Discrete Inverse Theory}},
publisher = {Academic Press},
year = {1989},
edition = {Second Edition}
}

@book{William:2012vh,
author = {Menke, William},
title = {{Geophysical data analysis: Discrete inverse theory}},
publisher = {Academic Press},
year = {2012},
series = {MATLAB Edition},
edition = {Third Edition}
}

